@misc{kumar2021efficient,
  title={An Efficient Parallel Algorithm for Finding Bridges in a Dense Graph},
  author={Ashwani Kumar and Aditya Pratap Singh},
  year={2021},
  archivePrefix={arXiv},
  eprint={2108.07346},
  primaryClass={cs.DC},
  note={arXiv:2108.07346v1}
}